<?xml version="1.0" encoding="UTF-8"?><collection xmlns="http://www.loc.gov/MARC21/slim"><record><leader>00514nam--2200157-i-4500</leader><controlfield tag="001">000035024</controlfield><controlfield tag="002">20161230</controlfield><controlfield tag="005">20170128201837</controlfield><controlfield tag="008">060222s1000------------r-----000-0-eng-d</controlfield><datafield ind1=" " ind2=" " tag="100"><subfield code="a">Niessen, K. F</subfield></datafield><datafield ind1=" " ind2=" " tag="245"><subfield code="a">Uber die entfernten raumwellen eines vertikalen dipolsenders oberhald einer ebenen erde von beliebiger leitfahigkeit</subfield></datafield><datafield ind1=" " ind2=" " tag="260"><subfield code="a">Eindhoven, Holland</subfield><subfield code="b">Gepubl.In Ann.Der Phis. Dec</subfield><subfield code="c">1934</subfield></datafield><datafield ind1=" " ind2=" " tag="300"><subfield code="a">893-912 p</subfield></datafield><datafield ind1=" " ind2=" " tag="490"><subfield code="a">Laboratoria Philips Sparat 834</subfield></datafield><datafield ind1=" " ind2=" " tag="852"><subfield code="a">4777</subfield></datafield><datafield ind1=" " ind2=" " tag="CAT"><subfield code="a">SYS</subfield><subfield code="c">20170128</subfield><subfield code="h">201837</subfield></datafield></record></collection>